@Article{HKZ2011,
  author = 	 "Daniel Hsu and Sham M. Kakade and Tong Zhang",
  title = 	 "An {A}nalysis of {R}andom {D}esign {L}inear {R}egression",
  year =	 "2011",
  url =     "https://arxiv.org/pdf/1106.2363v1.pdf"
}

@Article{HKZ2014,
  author = 	 "Daniel Hsu and Sham M. Kakade and Tong Zhang",
  title = 	 "Random {D}esign {A}nalysis of {R}idge {R}egression",
  year =	 "2014",
  url =     "https://arxiv.org/pdf/1106.2363v2.pdf"
}

@Article{RT2017,
  author = 	 "Saharon Rosset and Ryan J. Tibshirani",
  title = 	 "From {F}ixed-{X} to {R}andom-{X} {R}egression: {B}ias-{V}ariance {D}ecompositions, {C}ovariance {P}enalties, and {P}rediction {E}rror {E}stimation",
  year =	 "2017",
  url =     "https://www.stat.cmu.edu/~ryantibs/papers/randomx.pdf"
}

@Article{BBBGPTZZ2014,
  author = 	 "A. Buja and R. Berk and L. Brown and E. George and E. Pitkin and M. Traskin and K. Zhang and L. Zhao",
  title = 	 "The {C}onspiracy of {R}andom {P}redictors and {M}odel {V}iolations against {C}lassical {I}nference in {R}egression",
  year =	 "2014",
  url =     "http://stat.wharton.upenn.edu/~buja/PAPERS/Notes-on-Wrong-Models-and-Random-X.pdf?fbclid=IwAR001YsBNBmc-MTgZKamHDZ1VlyQUgKWrxy0pgSh1RsVS38Mw0LmDowCSO8"
}

@Book{HGL2011,
  author = 	 "R. Carter Hill and William E. Griffiths and Guay C. Lim",
  title = 	 "Principles of {E}conometrics, 4th {E}dition",
  pages =        "401-404",
  publisher =    "Wiley",
  year =         "2011",
}